<record><leader>00000cas a2200000 a 4500</leader><controlfield tag="001">56344125</controlfield><controlfield tag="008">040824d190619uuiludn ne      0   a0eng c</controlfield><datafield ind1=" " ind2=" " tag="010"><subfield code="a">sn2004060882</subfield></datafield><datafield ind1=" " ind2=" " tag="040"><subfield code="a">CVF</subfield><subfield code="b">eng</subfield><subfield code="c">CVF</subfield><subfield code="d">NVF</subfield><subfield code="d">OCLCQ</subfield><subfield code="d">OCLCF</subfield><subfield code="d">NVF</subfield><subfield code="d">OCLCO</subfield></datafield><datafield ind1="1" ind2=" " tag="029"><subfield code="a">AU@</subfield><subfield code="b">000026159641</subfield></datafield><datafield ind1=" " ind2=" " tag="042"><subfield code="a">pcc</subfield></datafield><datafield ind1=" " ind2=" " tag="043"><subfield code="a">n-us-il</subfield></datafield><datafield ind1="0" ind2=" " tag="130"><subfield code="a">Galena daily tribune (Galena, Ill. : 1906)</subfield></datafield><datafield ind1="1" ind2="4" tag="245"><subfield code="a">The Galena daily tribune.</subfield></datafield><datafield ind1="1" ind2="3" tag="246"><subfield code="a">Galena tribune</subfield></datafield><datafield ind1="1" ind2="3" tag="246"><subfield code="a">Daily tribune</subfield></datafield><datafield ind1=" " ind2=" " tag="260"><subfield code="a">Galena, Ill. :</subfield><subfield code="b">Tribune Pub. Co.,</subfield><subfield code="c">1906-[19--?]</subfield></datafield><datafield ind1=" " ind2=" " tag="300"><subfield code="a">v.</subfield></datafield><datafield ind1=" " ind2=" " tag="310"><subfield code="a">Daily (except Sunday)</subfield></datafield><datafield ind1="0" ind2=" " tag="362"><subfield code="a">Vol. 4, no. 1 (Oct. 8, 1906)-</subfield></datafield><datafield ind1=" " ind2=" " tag="500"><subfield code="a">Editor: D.A. Callahan.</subfield></datafield><datafield ind1=" " ind2=" " tag="530"><subfield code="a">Preservation microfilmed by the University of Illinois at Urbana-Champaign Library as part of the United States Newspaper Program; the year 1906 (on 1 microfilm reel) is available for purchase from OCLC Preservation Service Centers.</subfield></datafield><datafield ind1=" " ind2=" " tag="588"><subfield code="a">Latest issue consulted: Vol. 4, no. 71 (Dec. 31, 1906).</subfield></datafield><datafield ind1=" " ind2="0" tag="651"><subfield code="a">Galena (Ill.)</subfield><subfield code="v">Newspapers.</subfield></datafield><datafield ind1=" " ind2="7" tag="651"><subfield code="a">Illinois</subfield><subfield code="z">Galena.</subfield><subfield code="2">fast</subfield><subfield code="0">(OCoLC)fst01207075</subfield></datafield><datafield ind1=" " ind2="7" tag="655"><subfield code="a">Newspapers.</subfield><subfield code="2">fast</subfield><subfield code="0">(OCoLC)fst01423814</subfield></datafield><datafield ind1=" " ind2=" " tag="752"><subfield code="a">United States</subfield><subfield code="b">Illinois</subfield><subfield code="c">Jo Daviess</subfield><subfield code="d">Galena.</subfield></datafield><datafield ind1="0" ind2="0" tag="780"><subfield code="t">Galena tribune (Galena, Ill.)</subfield><subfield code="w">(DLC)sn2004060881</subfield><subfield code="w">(OCoLC)56344089</subfield></datafield></record>